%% This BibTeX bibliography file was created using BibDesk.
%% http://bibdesk.sourceforge.net/


%% Created for Emma Sax at 2015-03-11 15:20:19 -0500 


%% Saved with string encoding Unicode (UTF-8) 

@article{Felleisen:2004,
 author = {Felleisen, Matthias and Findler, Robert Bruce and Flatt, Matthew and Krishnamurthi, Shriram},
 title = {The Structure and Interpretation of the Computer Science Curriculum},
 journal = {J. Funct. Program.},
 issue_date = {July 2004},
 volume = {14},
 number = {4},
 month = jul,
 year = {2004},
 issn = {0956-7968},
 pages = {365--378},
 numpages = {14},
 url = {http://dx.doi.org/10.1017/S0956796804005076},
 doi = {10.1017/S0956796804005076},
 acmid = {997813},
 publisher = {Cambridge University Press},
 address = {New York, NY, USA},
 } 

@inproceedings{Bieniusa:2008,
 author = {Bieniusa, Annette and Degen, Markus and Heidegger, Phillip and Thiemann, Peter and Wehr, Stefan and Gasbichler, Martin and Sperber, Michael and Crestani, Marcus and Klaeren, Herbert and Knauel, Eric},
 title = {Htdp and Dmda in the Battlefield: A Case Study in First-year Programming Instruction},
 booktitle = {Proceedings of the 2008 International Workshop on Functional and Declarative Programming in Education},
 series = {FDPE '08},
 year = {2008},
 isbn = {978-1-60558-068-5},
 location = {Victoria, BC, Canada},
 pages = {1--12},
 numpages = {12},
 url = {http://doi.acm.org/10.1145/1411260.1411262},
 doi = {10.1145/1411260.1411262},
 acmid = {1411262},
 publisher = {ACM},
 address = {New York, NY, USA},
 keywords = {assisted programming, introductory programming course, scheme, teachscheme!},
} 


@misc{basic-clojure-info,
	Author = {briantdawn},
	Date-Added = {2015-03-11 20:18:54 +0000},
	Date-Modified = {2015-03-11 20:20:13 +0000},
	Lastchecked = {3/9/15},
	Month = {March},
	Title = {surviving-clojure},
	Url = {https://github.com/clojurebridge-minneapolis/track2-surviving},
	Year = {2015},
}

@article{clojure-REPL,
	Author = {Timothy O'Brien},
	Date-Added = {2015-03-11 20:16:56 +0000},
	Date-Modified = {2015-03-11 20:18:44 +0000},
	Journal = {Radar},
	Lastchecked = {3/10/15},
	Month = {May},
	Title = {Clojure's advantage: Immediate feedback with REPL},
	Url = {http://radar.oreilly.com/2012/05/clojure-repl.html},
	Year = {2012},
}

@misc{wikipedia-lazy,
	Author = {Wikipedia},
	Date-Added = {2015-03-21 18:49:31 +0000},
	Date-Modified = {2015-03-21 18:49:35 +0000},
	Lastchecked = {9/19/14},
	Title = {Lazy Loading},
	Url = {http://en.wikipedia.org/wiki/Lazy_loading},
	Year = {2014}}

@misc{wikipedia-persistent,
	Author = {Wikipedia},
	Date-Added = {2015-03-11 20:15:41 +0000},
	Date-Modified = {2015-03-11 20:16:31 +0000},
	Lastchecked = {3/9/15},
	Title = {Persistent Data Structure},
	Url = {http://en.wikipedia.org/wiki/Persistent_data_structure},
	Year = {2015},
}

@misc{clojure-datastructures,
	Author = {Rich Hickey},
	Date-Added = {2015-03-11 20:13:55 +0000},
	Date-Modified = {2015-03-11 20:15:10 +0000},
	Lastchecked = {3/11/15},
	Title = {Clojure - Data Structures},
	Url = {http://clojure.org/data_structures},
	Year = {2014},
}

@misc{clojure-home,
	Author = {Rich Hickey},
	Date-Added = {2015-03-11 20:09:08 +0000},
	Date-Modified = {2015-03-11 20:16:38 +0000},
	Lastchecked = {3/11/15},
	Title = {Clojure},
	Url = {http://clojure.org/},
	Year = {2014},
}

@inproceedings{Hickey:2008,
	Acmid = {1408682},
	Address = {New York, NY, USA},
	Articleno = {1},
	Author = {Hickey, Rich},
	Booktitle = {Proceedings of the 2008 symposium on Dynamic languages},
	Doi = {10.1145/1408681.1408682},
	Isbn = {978-1-60558-270-2},
	Location = {Paphos, Cyprus},
	Numpages = {1},
	Pages = {1:1--1:1},
	Publisher = {ACM},
	Series = {DLS '08},
	Title = {The Clojure programming language},
	Url = {http://doi.acm.org.ezproxy.morris.umn.edu/10.1145/1408681.1408682},
	Year = {2008},
	Bdsk-Url-1 = {http://doi.acm.org.ezproxy.morris.umn.edu/10.1145/1408681.1408682},
	Bdsk-Url-2 = {http://dx.doi.org/10.1145/1408681.1408682},
}

@misc{Pmap,
	Author = {Kim, Zachary},
	Howpublished = {\url{http://clojuredocs.org/clojure_core/clojure.core/pmap}},
	Title = {ClojureDocs - pmap},
	Year = {2010},
}

@misc{LeinGitHub,
	Author = {Hagelberg, Phil and Osborne, Alex and Larkin, Dan and contributors},
	Date-Added = {2005},
	Date-modified = {2015},
	Lastchecked = {3/20/15},
	Title = {Leiningen Readme},
	Howpublished = {https://github.com/technomancy/leiningen},
	Year = {2015},
}
